@book{band-four,
  title={{Приёмы объектно-ориентированного проектирования. Паттерны проектирования}},
  author={{Гамма Э., Хелм Р., Джонсон Р., Влиссидес Д.}},
  year={2009},
  publisher={Питер}
}


@book{CLR-via-CS,
  title={{CLR via C\#. 3rd Edition}},
  author={{Jeffrey Richter}},
  year={2010},
  publisher={Microsoft Press}
}


@MISC{plux-website,
      TITLE = "{Интернет-сайт платформы  {Plux.NET}}",
      HOWPUBLISHED = "\url{http://ase.jku.at/plux/index.html}"
}


@MISC{mef-website,
      TITLE = "{Интернет-сайт платформы  {MEF}}",
      HOWPUBLISHED = "\url{http://mef.codeplex.com/}"
}


@MISC{alplatform-website,
      TITLE = "{Интернет-сайт платформы  {AL Platform}}",
      HOWPUBLISHED = "\url{http://www.agile-sys.com/productsA.php}"
}


@MISC{mono-addins-website,
      TITLE = "{Интернет-сайт платформы  {Mono.Addins}}",
      HOWPUBLISHED = "\url{http://monoaddins.codeplex.com/}"
}


@MISC{addins1-article,
      TITLE = "{Статья <<AddIn Enabled Applications>>}",
      HOWPUBLISHED = "\url{http://www.codeproject.com/KB/dotnet/AddInModel.aspx}"
}


@MISC{addins2-article,
      TITLE = "{Статья <<.NET Based Add-in/Plug-in Framework with Dynamic Toolbars and Menus>>}",
      HOWPUBLISHED = "\url{http://www.codeproject.com/Articles/13985/NET-Based-Add-in-Plug-in-Framework-with-Dynamic-T}"
}


@MISC{announcing-sda-article,
      TITLE = "{Статья <<Announcing SharpDevelop for Applications (SDA)>>}",
      HOWPUBLISHED = "\url{http://laputa.sharpdevelop.net/AnnouncingSharpDevelopForApplicationsSDA.aspx}"
}


@MISC{vsto-website,
      TITLE = "{Интернет-сайт Visual Studio Tools for Office}",
      HOWPUBLISHED = "\url{http://msdn.microsoft.com/en-us/office/hh133430.aspx}"
}


@MISC{vsta-website,
      TITLE = "{Интернет-сайт Visual Studio Tools for Applications}",
      HOWPUBLISHED = "\url{http://blogs.msdn.com/b/vsta/}"
}

@MISC{System.Addins-article,
	  TITLE = "{Статья <<AddIn Enabled Applications>>}",
	  HOWPUBLISHED = "\url{http://www.codeproject.com/Articles/25866/AddIn-Enabled-Applications/}"
}